@article{wang2002hot,
  title={The hot erosion behavior of HVOF chromium carbide-metal cermet coatings sprayed with different powders},
  author={Wang, Bu Qian and Shui, Zheng Rong},
  journal={Wear},
  volume={253},
  number={5},
  pages={550--557},
  year={2002},
  publisher={Elsevier}
}


@inproceedings{graves2013speech,
  title={Speech recognition with deep recurrent neural networks},
  author={Graves, Alex and Mohamed, Abdel-rahman and Hinton, Geoffrey},
  booktitle={Acoustics, Speech and Signal Processing (ICASSP), 2013 IEEE International Conference on},
  pages={6645--6649},
  year={2013},
  organization={IEEE}
}

@article{urgenevolino,
  title={Evolino: Hybrid Neuroevolution/Optimal Linear Search for Sequence Learning},
  author={{\"u}rgen Schmidhuber, J and Wierstra, Daan and Gomez, Faustino}
}

@article{clement2011bionic,
  title={Bionic prosthetic hands: A review of present technology and future aspirations},
  author={Clement, RGE and Bugler, KE and Oliver, CW},
  journal={The surgeon},
  volume={9},
  number={6},
  pages={336--340},
  year={2011},
  publisher={Elsevier}
}

@inproceedings{toledo2009upper,
  title={Upper limb prostheses for amputations above elbow: A review},
  author={Toledo, C and Leija, L and Munoz, R and Vera, A and others},
  booktitle={Health Care Exchanges, 2009. PAHCE 2009. Pan American},
  pages={104--108},
  year={2009},
  organization={IEEE}
}

@article{zimmermann2010fuzzy,
  title={Fuzzy set theory},
  author={Zimmermann, H-J},
  journal={Wiley Interdisciplinary Reviews: Computational Statistics},
  volume={2},
  number={3},
  pages={317--332},
  year={2010},
  publisher={Wiley Online Library}
}

@article{mayer2008system,
  title={A system for robotic heart surgery that learns to tie knots using recurrent neural networks},
  author={Mayer, Hermann and Gomez, Faustino and Wierstra, Daan and Nagy, Istvan and Knoll, Alois and Schmidhuber, J{\"u}rgen},
  journal={Advanced Robotics},
  volume={22},
  number={13-14},
  pages={1521--1537},
  year={2008},
  publisher={Taylor \& Francis}
}

@inproceedings{graves2008unconstrained,
  title={Unconstrained on-line handwriting recognition with recurrent neural networks},
  author={Graves, Alex and Liwicki, Marcus and Bunke, Horst and Schmidhuber, J{\"u}rgen and Fern{\'a}ndez, Santiago},
  booktitle={Advances in Neural Information Processing Systems},
  pages={577--584},
  year={2008}
}

@inproceedings{walsh2006autonomous,
  title={An autonomous, underactuated exoskeleton for load-carrying augmentation},
  author={Walsh, Conor J and Pasch, Kenneth and Herr, Hugh},
  booktitle={Intelligent Robots and Systems, 2006 IEEE/RSJ International Conference on},
  pages={1410--1415},
  year={2006},
  organization={IEEE}
}

@article{graves2005framewise,
  title={Framewise phoneme classification with bidirectional LSTM and other neural network architectures},
  author={Graves, Alex and Schmidhuber, J{\"u}rgen},
  journal={Neural Networks},
  volume={18},
  number={5},
  pages={602--610},
  year={2005},
  publisher={Elsevier}
}

@inproceedings{kazerooni2005control,
  title={On the control of the berkeley lower extremity exoskeleton (BLEEX)},
  author={Kazerooni, Hami and Racine, Jean-Louis and Huang, Lihua and Steger, Ryan},
  booktitle={Robotics and automation, 2005. ICRA 2005. Proceedings of the 2005 IEEE international conference on},
  pages={4353--4360},
  year={2005},
  organization={IEEE}
}

@article{kiguchi2004neuro,
  title={Neuro-fuzzy control of a robotic exoskeleton with EMG signals},
  author={Kiguchi, Kazuo and Tanaka, Takakazu and Fukuda, Toshio},
  journal={Fuzzy Systems, IEEE Transactions on},
  volume={12},
  number={4},
  pages={481--490},
  year={2004},
  publisher={IEEE}
}

@inproceedings{gudise2003comparison,
  title={Comparison of particle swarm optimization and backpropagation as training algorithms for neural networks},
  author={Gudise, Venu G and Venayagamoorthy, Ganesh K},
  booktitle={Swarm Intelligence Symposium, 2003. SIS'03. Proceedings of the 2003 IEEE},
  pages={110--117},
  year={2003},
  organization={IEEE}
}

@article{guyon2003introduction,
  title={An introduction to variable and feature selection},
  author={Guyon, Isabelle and Elisseeff, Andr{\'e}},
  journal={The Journal of Machine Learning Research},
  volume={3},
  pages={1157--1182},
  year={2003},
  publisher={JMLR. org}
}

@article{zecca2002control,
  title={Control of multifunctional prosthetic hands by processing the electromyographic signal},
  author={Zecca, Micera and Micera, Silvestro and Carrozza, MC and Dario, P},
  journal={Critical Reviewsâ„¢ in Biomedical Engineering},
  volume={30},
  number={4-6},
  year={2002},
  publisher={Begel House Inc.}
}

@article{sexton1999optimization,
  title={Optimization of neural networks: A comparative analysis of the genetic algorithm and simulated annealing},
  author={Sexton, Randall S and Dorsey, Robert E and Johnson, John D},
  journal={European Journal of Operational Research},
  volume={114},
  number={3},
  pages={589--601},
  year={1999},
  publisher={Elsevier}
}

@article{yao1999evolving,
  title={Evolving artificial neural networks},
  author={Yao, Xin},
  journal={Proceedings of the IEEE},
  volume={87},
  number={9},
  pages={1423--1447},
  year={1999},
  publisher={IEEE}
}

@inproceedings{hagan1999neural,
  title={Neural networks for control},
  author={Hagan, Martin T and Demuth, Howard B},
  booktitle={American Control Conference, 1999. Proceedings of the 1999},
  volume={3},
  pages={1642--1656},
  year={1999},
  organization={IEEE}
}

@article{albertos1998fuzzy,
  title={Fuzzy logic controllers, advantages and drawbacks},
  author={Albertos, Pedro and Sala, Antonio},
  journal={IEEE transactions on control system technology},
  year={1998}
}

@book{passino1998fuzzy,
  title={Fuzzy control},
  author={Passino, Kevin M and Yurkovich, Stephen and Reinfrank, Michael},
  volume={42},
  year={1998},
  publisher={Citeseer}
}

@article{hochreiter1997lstm,
  title={Long short-term memory},
  author={Hochreiter, Sepp and Schmidhuber, J{\"u}rgen},
  journal={Neural computation},
  volume={9},
  number={8},
  pages={1735--1780},
  year={1997},
  publisher={MIT Press}
}

@article{balakrishnan1996neurocontrol,
  title={Neurocontrol: A literature survey},
  author={Balakrishnan, SN and Weil, RD},
  journal={Mathematical and computer modelling},
  volume={23},
  number={1},
  pages={101--117},
  year={1996},
  publisher={Elsevier}
}

@phdthesis{syed1995applying,
  title={Applying genetic algorithms to recurrent neural networks for learning network parameters and architecture},
  author={Syed, Omar},
  year={1995},
  school={Case Western Reserve University}
}

@article{cybenko1989approximation,
  title={Approximation by superpositions of a sigmoidal function},
  author={Cybenko, George},
  journal={Mathematics of control, signals and systems},
  volume={2},
  number={4},
  pages={303--314},
  year={1989},
  publisher={Springer}
}

@article{gilbert1967exoskeleton,
  title={Exoskeleton prototype project: Final report on phase I},
  author={Gilbert, KE},
  journal={General Electric Company, Schenectady, NY, GE Tech. Rep. S-67-1011},
  year={1967}
}

@MISC{ANN_PIC,
    author = {{Glosser.ca}},
    title = {Artificial Neural Network},
    year = {2013},
    note = {[Online; accessed December 18, 2015]},
    url = {https://commons.wikimedia.org/wiki/File:Colored_neural_network.svg}
}
